@article{beaumont2002approximate,
  title={Approximate Bayesian computation in population genetics},
  author={Beaumont, Mark A and Zhang, Wenyang and Balding, David J},
  journal={Genetics},
  volume={162},
  number={4},
  pages={2025--2035},
  year={2002},
  publisher={Genetics Soc America}
}

@article{zappia2017splatter,
  title={Splatter: simulation of single-cell RNA sequencing data},
  author={Zappia, Luke and Phipson, Belinda and Oshlack, Alicia},
  journal={Genome biology},
  volume={18},
  number={1},
  pages={174},
  year={2017},
  publisher={BioMed Central}
}

@book{palestro2018likelihood,
  title={Likelihood-free methods for cognitive science},
  author={Palestro, James J and Sederberg, Per B and Osth, Adam F and Van Zandt, Trisha and Turner, Brandon M},
  year={2018},
  publisher={Springer}
}

@article{usher2001time,
  title={The time course of perceptual choice: the leaky, competing accumulator model.},
  author={Usher, Marius and McClelland, James L},
  journal={Psychological review},
  volume={108},
  number={3},
  pages={550},
  year={2001},
  publisher={American Psychological Association}
}

@inproceedings{lueckmann2017flexible,
  title={Flexible statistical inference for mechanistic models of neural dynamics},
  author={Lueckmann, Jan-Matthis and Goncalves, Pedro J and Bassetto, Giacomo and {\"O}cal, Kaan and Nonnenmacher, Marcel and Macke, Jakob H},
  booktitle={Advances in Neural Information Processing Systems},
  pages={1289--1299},
  year={2017}
}

@article{hwang2018conditional,
  title={Conditional Recurrent Flow: Conditional Generation of Longitudinal Samples with Applications to Neuroimaging},
  author={Hwang, Seong Jae and Tao, Zirui and Kim, Won Hwa and Singh, Vikas},
  journal={arXiv preprint arXiv:1811.09897},
  year={2018}
}

@article{wood2010statistical,
  title={Statistical inference for noisy nonlinear ecological dynamic systems},
  author={Wood, Simon N},
  journal={Nature},
  volume={466},
  number={7310},
  pages={1102},
  year={2010},
  publisher={Nature Publishing Group}
}

@article{hethcote2000mathematics,
  title={The mathematics of infectious diseases},
  author={Hethcote, Herbert W},
  journal={SIAM review},
  volume={42},
  number={4},
  pages={599--653},
  year={2000},
  publisher={SIAM}
}

@article{csillery2010approximate,
  title={Approximate Bayesian computation (ABC) in practice},
  author={Csill{\'e}ry, Katalin and Blum, Michael GB and Gaggiotti, Oscar E and Fran{\c{c}}ois, Olivier},
  journal={Trends in ecology \& evolution},
  volume={25},
  number={7},
  pages={410--418},
  year={2010},
  publisher={Elsevier}
}

@article{toni2009simulation,
  title={Simulation-based model selection for dynamical systems in systems and population biology},
  author={Toni, Tina and Stumpf, Michael PH},
  journal={Bioinformatics},
  volume={26},
  number={1},
  pages={104--110},
  year={2009},
  publisher={Oxford University Press}
}

@article{turner2014generalized,
  title={A generalized, likelihood-free method for posterior estimation},
  author={Turner, Brandon M and Sederberg, Per B},
  journal={Psychonomic bulletin \& review},
  volume={21},
  number={2},
  pages={227--250},
  year={2014},
  publisher={Springer}
}

@article{sunnaaker2013approximate,
  title={Approximate bayesian computation},
  author={Sunn{\aa}ker, Mikael and Busetto, Alberto Giovanni and Numminen, Elina and Corander, Jukka and Foll, Matthieu and Dessimoz, Christophe},
  journal={PLoS computational biology},
  volume={9},
  number={1},
  pages={e1002803},
  year={2013},
  publisher={Public Library of Science}
}

@article{mertens2018abrox,
  title={ABrox—A user-friendly Python module for approximate Bayesian computation with a focus on model comparison},
  author={Mertens, Ulf Kai and Voss, Andreas and Radev, Stefan},
  journal={PloS one},
  volume={13},
  number={3},
  pages={e0193981},
  year={2018},
  publisher={Public Library of Science}
}

@article{frazier2018asymptotic,
  title={Asymptotic properties of approximate Bayesian computation},
  author={Frazier, David T and Martin, Gael M and Robert, Christian P and Rousseau, Judith},
  journal={Biometrika},
  volume={105},
  number={3},
  pages={593--607},
  year={2018},
  publisher={Oxford University Press}
}

@article{mestdagh2018prepaid,
  title={Prepaid parameter estimation without likelihoods},
  author={Mestdagh, Merijn and Verdonck, Stijn and Meers, Kristof and Loossens, Tim and Tuerlinckx, Francis},
  journal={arXiv preprint arXiv:1812.09799},
  year={2018}
}

@article{jiang2017learning,
  title={Learning summary statistic for approximate Bayesian computation via deep neural network},
  author={Jiang, Bai and Wu, Tung-yu and Zheng, Charles and Wong, Wing H},
  journal={Statistica Sinica},
  pages={1595--1618},
  year={2017},
  publisher={JSTOR}
}

@inproceedings{papamakarios2016fast,
  title={Fast $\varepsilon$-free inference of simulation models with Bayesian conditional density estimation},
  author={Papamakarios, George and Murray, Iain},
  booktitle={Advances in Neural Information Processing Systems},
  pages={1028--1036},
  year={2016}
}

@article{raynal2018abc,
  title={ABC random forests for Bayesian parameter inference},
  author={Raynal, Louis and Marin, Jean-Michel and Pudlo, Pierre and Ribatet, Mathieu and Robert, Christian P and Estoup, Arnaud},
  journal={Bioinformatics},
  volume={35},
  number={10},
  pages={1720--1728},
  year={2018},
  publisher={Oxford University Press}
}

@article{radev2019towards,
  title={Towards end-to-end likelihood-free inference with convolutional neural networks},
  author={Radev, Stefan T and Mertens, Ulf K and Voss, Andreas and K{\"o}the, Ullrich},
  journal={British Journal of Mathematical and Statistical Psychology},
  year={2019},
  publisher={Wiley Online Library}
}

@article{ardizzone2018analyzing,
  title={Analyzing inverse problems with invertible neural networks},
  author={Ardizzone, Lynton and Kruse, Jakob and Wirkert, Sebastian and Rahner, Daniel and Pellegrini, Eric W and Klessen, Ralf S and Maier-Hein, Lena and Rother, Carsten and K{\"o}the, Ullrich},
  journal={arXiv preprint arXiv:1808.04730},
  year={2018}
}

@inproceedings{grover2018flow,
  title={Flow-GAN: Combining maximum likelihood and adversarial learning in generative models},
  author={Grover, Aditya and Dhar, Manik and Ermon, Stefano},
  booktitle={Thirty-Second AAAI Conference on Artificial Intelligence},
  year={2018}
}

@inproceedings{kingma2018glow,
  title={Glow: Generative flow with invertible 1x1 convolutions},
  author={Kingma, Durk P and Dhariwal, Prafulla},
  booktitle={Advances in Neural Information Processing Systems},
  pages={10215--10224},
  year={2018}
}

@article{dinh2016density,
  title={Density estimation using real nvp},
  author={Dinh, Laurent and Sohl-Dickstein, Jascha and Bengio, Samy},
  journal={arXiv preprint arXiv:1605.08803},
  year={2016}
}

@article{bloem2019probabilistic,
  title={Probabilistic symmetry and invariant neural networks},
  author={Bloem-Reddy, Benjamin and Teh, Yee Whye},
  journal={arXiv preprint arXiv:1901.06082},
  year={2019}
}

@book{goodfellow2016deep,
  title={Deep learning},
  author={Goodfellow, Ian and Bengio, Yoshua and Courville, Aaron},
  year={2016},
  publisher={MIT press}
}

@book{gelman2013bayesian,
  title={Bayesian data analysis},
  author={Gelman, Andrew and Stern, Hal S and Carlin, John B and Dunson, David B and Vehtari, Aki and Rubin, Donald B},
  year={2013},
  publisher={Chapman and Hall/CRC}
}

@inproceedings{kendall2017uncertainties,
  title={What uncertainties do we need in bayesian deep learning for computer vision?},
  author={Kendall, Alex and Gal, Yarin},
  booktitle={Advances in neural information processing systems},
  pages={5574--5584},
  year={2017}
}

@inproceedings{abadi2016tensorflow,
  title={Tensorflow: A system for large-scale machine learning},
  author={Abadi, Mart{\'\i}n and Barham, Paul and Chen, Jianmin and Chen, Zhifeng and Davis, Andy and Dean, Jeffrey and Devin, Matthieu and Ghemawat, Sanjay and Irving, Geoffrey and Isard, Michael and others},
  booktitle={12th $\{$USENIX$\}$ Symposium on Operating Systems Design and Implementation ($\{$OSDI$\}$ 16)},
  pages={265--283},
  year={2016}
}

@article{kingma2014auto,
  title={Auto-Encoding Variational Bayes},
  author={Kingma, Diederik P and Welling, Max},
  journal={stat},
  volume={1050},
  pages={1},
  year={2014},
  publisher={Citeseer}
}

@article{ratcliff2008diffusion,
  title={The diffusion decision model: theory and data for two-choice decision tasks},
  author={Ratcliff, Roger and McKoon, Gail},
  journal={Neural computation},
  volume={20},
  number={4},
  pages={873--922},
  year={2008},
  publisher={MIT Press}
}

@article{miletic2017parameter,
  title={Parameter recovery for the leaky competing accumulator model},
  author={Mileti{\'c}, Steven and Turner, Brandon M and Forstmann, Birte U and van Maanen, Leendert},
  journal={Journal of Mathematical Psychology},
  volume={76},
  pages={25--50},
  year={2017},
  publisher={Elsevier}
}

@article{voss2019sequential,
  title={Sequential sampling models with variable boundaries and non-normal noise: A comparison of six models},
  author={Voss, Andreas and Lerche, Veronika and Mertens, Ulf and Voss, Jochen},
  journal={Psychonomic bulletin \& review},
  pages={1--20},
  year={2019},
  publisher={Springer}
}

@article{sahneh2017gemfsim,
  title={GEMFsim: a stochastic simulator for the generalized epidemic modeling framework},
  author={Sahneh, Faryad Darabi and Vajdi, Aram and Shakeri, Heman and Fan, Futing and Scoglio, Caterina},
  journal={Journal of computational science},
  volume={22},
  pages={36--44},
  year={2017},
  publisher={Elsevier}
}

@book{keeling2011modeling,
  title={Modeling infectious diseases in humans and animals},
  author={Keeling, Matt J and Rohani, Pejman},
  year={2011},
  publisher={Princeton University Press}
}

@inproceedings{hershey2007approximating,
  title={Approximating the Kullback Leibler divergence between Gaussian mixture models},
  author={Hershey, John R and Olsen, Peder A},
  booktitle={2007 IEEE International Conference on Acoustics, Speech and Signal Processing-ICASSP'07},
  volume={4},
  pages={IV--317},
  year={2007},
  organization={IEEE}
}

@article{talts2018validating,
  title={Validating Bayesian inference algorithms with simulation-based calibration},
  author={Talts, Sean and Betancourt, Michael and Simpson, Daniel and Vehtari, Aki and Gelman, Andrew},
  journal={arXiv preprint arXiv:1804.06788},
  year={2018}
}

@article{ozsolak2011rna,
  title={RNA sequencing: advances, challenges and opportunities},
  author={Ozsolak, Fatih and Milos, Patrice M},
  journal={Nature reviews genetics},
  volume={12},
  number={2},
  pages={87},
  year={2011},
  publisher={Nature Publishing Group}
}

@article{de2002fitting,
  title={Fitting population models incorporating process noise and observation error},
  author={De Valpine, Perry and Hastings, Alan},
  journal={Ecological Monographs},
  volume={72},
  number={1},
  pages={57--76},
  year={2002},
  publisher={Wiley Online Library}
}

@article{geritz2004mechanistic,
  title={On the mechanistic underpinning of discrete-time population models with complex dynamics},
  author={Geritz, Stefan AH and Kisdi, {\'E}va},
  journal={Journal of Theoretical Biology},
  volume={228},
  number={2},
  pages={261--269},
  year={2004},
  publisher={Elsevier}
}

@phdthesis{mertens2019deep,
  title={Deep learning methods for likelihood-free inference: approximating the posterior distribution with convolutional neural networks},
  author={Mertens, Ulf Kai},
  year={2019}
}
